<collection>
<record>
<leader>07329cpcaa22010457i 4500</leader>
<controlfield tag="001">19973690</controlfield>
<controlfield tag="005">20240220121834.0</controlfield>
<controlfield tag="008">170901i19801983nyu eng </controlfield>
<datafield ind1=" " ind2=" " tag="906">
<subfield code="a">7</subfield>
<subfield code="b">cbc</subfield>
<subfield code="c">orignew</subfield>
<subfield code="d">u</subfield>
<subfield code="e">ncip</subfield>
<subfield code="f">20</subfield>
<subfield code="g">y-folklife</subfield>
</datafield>
<datafield ind1=" " ind2=" " tag="955">
<subfield code="a">mkru 2017-09-01</subfield>
<subfield code="a">mkru 2018-02-27</subfield>
<subfield code="a">mler 2018-03-13</subfield>
<subfield code="a">mler 2018-10-10</subfield>
<subfield code="a">mler 2018-10-18</subfield>
<subfield code="a">mkru 2018-10-30</subfield>
<subfield code="a">mkru 2018-11-01</subfield>
<subfield code="a">mler 2018-11-05</subfield>
<subfield code="a">mler 2019-01-10</subfield>
<subfield code="a">mler 2019-01-28 ;</subfield>
<subfield code="a">ahoo 2019-02-11</subfield>
<subfield code="a">ahoo 2019-07-26</subfield>
<subfield code="a">hh20 2019-12-26 gift to AFC</subfield>
<subfield code="a">masmit 2022-12-16</subfield>
<subfield code="a">sludewig 2024-01-02</subfield>
<subfield code="a">fcundiff 2024-02-07</subfield>
<subfield code="a">masmit 2024-02-20</subfield>
</datafield>
<datafield ind1=" " ind2=" " tag="010">
<subfield code="a"> 2017655400</subfield>
</datafield>
<datafield ind1=" " ind2=" " tag="040">
<subfield code="a">DLC</subfield>
<subfield code="b">eng</subfield>
<subfield code="e">dacs</subfield>
<subfield code="c">DLC</subfield>
<subfield code="d">DLC</subfield>
</datafield>
<datafield ind1=" " ind2=" " tag="043">
<subfield code="a">n-us-ny</subfield>
</datafield>
<datafield ind1=" " ind2=" " tag="090">
<subfield code="a">AFC 2017/035</subfield>
</datafield>
<datafield ind1="0" ind2="0" tag="245">
<subfield code="a">
Brooklyn Rediscovery Folklife Study Project collection,
</subfield>
<subfield code="f">1980-1983.</subfield>
</datafield>
<datafield ind1="1" ind2=" " tag="246">
<subfield code="a">
Brooklyn Educational and Cultural Alliance (BECA) Brooklyn Rediscovery Folklife Study Project
</subfield>
</datafield>
<datafield ind1=" " ind2=" " tag="260">
<subfield code="a">1980-1983.</subfield>
</datafield>
<datafield ind1=" " ind2=" " tag="300">
<subfield code="3">whole collection</subfield>
<subfield code="a">5,310</subfield>
<subfield code="f">items.</subfield>
</datafield>
<datafield ind1=" " ind2=" " tag="300">
<subfield code="3">whole collection</subfield>
<subfield code="a">21</subfield>
<subfield code="f">containers (</subfield>
<subfield code="a">7</subfield>
<subfield code="f">linear feet)</subfield>
</datafield>
<datafield ind1=" " ind2=" " tag="300">
<subfield code="3">manuscripts</subfield>
<subfield code="a">500</subfield>
<subfield code="f">documents (</subfield>
<subfield code="a">15</subfield>
<subfield code="f">linear in.)</subfield>
</datafield>
<datafield ind1=" " ind2=" " tag="300">
<subfield code="3">sound recordings</subfield>
<subfield code="a">6 sound tape reels :</subfield>
<subfield code="b">analog ;</subfield>
<subfield code="c">7 in.</subfield>
</datafield>
<datafield ind1=" " ind2=" " tag="300">
<subfield code="3">sound recordings</subfield>
<subfield code="a">3 sound cassettes :</subfield>
<subfield code="b">analog.</subfield>
</datafield>
<datafield ind1=" " ind2=" " tag="300">
<subfield code="3">graphic materials</subfield>
<subfield code="a">984 photographs :</subfield>
<subfield code="b">film, negatives, black and white.</subfield>
</datafield>
<datafield ind1=" " ind2=" " tag="300">
<subfield code="3">graphic materials</subfield>
<subfield code="a">61 photographs :</subfield>
<subfield code="b">film, negatives, color.</subfield>
</datafield>
<datafield ind1=" " ind2=" " tag="300">
<subfield code="3">graphic materials</subfield>
<subfield code="a">169 photographic prints :</subfield>
<subfield code="b">black and white ;</subfield>
<subfield code="c">various sizes.</subfield>
</datafield>
<datafield ind1=" " ind2=" " tag="300">
<subfield code="a">graphic materials</subfield>
<subfield code="a">23 photographic prints :</subfield>
<subfield code="b">color ;</subfield>
<subfield code="c">various sizes.</subfield>
</datafield>
<datafield ind1=" " ind2=" " tag="300">
<subfield code="3">graphic materials</subfield>
<subfield code="a">approximately 3,588 slides :</subfield>
<subfield code="b">color ;</subfield>
<subfield code="c">35 mm</subfield>
</datafield>
<datafield ind1=" " ind2=" " tag="351">
<subfield code="a">
Organized into the following series: 1. Giglio feast, Italian American traditions; 2. Jewish traditions; 3. West Indian American traditions; 4. Brooklyn community traditions; 5. Folklife study related materials.
</subfield>
</datafield>
<datafield ind1=" " ind2=" " tag="520">
<subfield code="a">
Fieldwork for the Brooklyn Rediscovery Folklife Study Project was undertaken and coordinated by Sheldon Posen and Maxine Miska, 1980-1983. The project surveyed and recorded traditions in Brooklyn, New York, on behalf of the Brooklyn Educational and Cultural Alliance (BECA) documenting ethnic foodways, neighborhood events, private celebrations, street life and play, store fronts, music, folk theater, religious events, urban sports and pastimes. Ethnic groups include African Americans, diasporic Jews (including Hasidic), Greek Americans, Italian Americans, Sicilian Americans, Polish Americans, Puerto Ricans, West Indian Americans, Irish Americans, Chinese Americans, and Ukrainian Americans. The annual West Indian Carnival Parade in Prospect Park/Eastern Parkway was documented in-depth. Joseph Sciorra and Sheldon Posen documented the annual Giglio Feast tradition at Our Lady of Mount Carmel Church with photographs by Martha Cooper. Sheldon Posen also photographed the dancing of the giglio in New Jersey. The collection includes photographs of Greek Easter celebrations, Sukkot, Purim, and Etrog Market, and documentation of exhibitions about Brooklyn folklife.
</subfield>
</datafield>
<datafield ind1="8" ind2=" " tag="524">
<subfield code="a">
Brooklyn Rediscovery Folklife Study Project collection (AFC 2017/035), American Folklife Center, Library of Congress, Washington, D.C.
</subfield>
</datafield>
<datafield ind1="0" ind2=" " tag="506">
<subfield code="a">
The collection is open for research. To request materials, please contact the Folklife Reading Room at
</subfield>
<subfield code="u">https://hdl.loc.gov/loc.afc/folklife.contact</subfield>
</datafield>
<datafield ind1=" " ind2=" " tag="540">
<subfield code="a">
Duplication of collection materials may be governed by copyright and other restrictions.
</subfield>
</datafield>
<datafield ind1=" " ind2=" " tag="541">
<subfield code="a">Ira Sheldon Posen;</subfield>
<subfield code="c">Donation;</subfield>
<subfield code="d">2017; 2018.</subfield>
</datafield>
<datafield ind1=" " ind2=" " tag="546">
<subfield code="a">In English and possibly other languages.</subfield>
</datafield>
<datafield ind1="0" ind2=" " tag="555">
<subfield code="a">Finding aid is available online</subfield>
<subfield code="u">https://hdl.loc.gov/loc.afc/eadafc.af018010</subfield>
</datafield>
<datafield ind1="2" ind2="0" tag="610">
<subfield code="a">West Indian American Day Carnival Association.</subfield>
</datafield>
<datafield ind1="2" ind2="0" tag="611">
<subfield code="a">
West Indian American Day Carnival Parade (Brooklyn, N.Y.)
</subfield>
</datafield>
<datafield ind1="2" ind2="0" tag="610">
<subfield code="a">Manteo Sicilian Marionette Theatre.</subfield>
</datafield>
<datafield ind1=" " ind2="0" tag="650">
<subfield code="a">Folklore</subfield>
<subfield code="z">New York (State)</subfield>
<subfield code="z">New York.</subfield>
</datafield>
<datafield ind1=" " ind2="0" tag="650">
<subfield code="a">African American quiltmakers</subfield>
<subfield code="z">New York (State)</subfield>
<subfield code="z">New York.</subfield>
</datafield>
<datafield ind1=" " ind2="0" tag="650">
<subfield code="a">African Americans</subfield>
<subfield code="z">New York (State)</subfield>
<subfield code="z">New York</subfield>
<subfield code="x">Social life and customs.</subfield>
</datafield>
<datafield ind1=" " ind2="0" tag="650">
<subfield code="a">Caribbean Americans</subfield>
<subfield code="z">New York (State)</subfield>
<subfield code="z">New York</subfield>
<subfield code="x">Social life and customs.</subfield>
</datafield>
<datafield ind1=" " ind2="0" tag="650">
<subfield code="a">Chinese Americans</subfield>
<subfield code="z">New York (State)</subfield>
<subfield code="z">New York</subfield>
<subfield code="x">Social life and customs.</subfield>
</datafield>
<datafield ind1=" " ind2="0" tag="650">
<subfield code="a">Folk music</subfield>
<subfield code="z">Puerto Rico.</subfield>
</datafield>
<datafield ind1=" " ind2="0" tag="650">
<subfield code="a">Greek Americans</subfield>
<subfield code="z">New York (State)</subfield>
<subfield code="z">New York</subfield>
<subfield code="x">Social life and customs.</subfield>
</datafield>
<datafield ind1=" " ind2="0" tag="650">
<subfield code="a">Hasidim</subfield>
<subfield code="z">New York (State)</subfield>
<subfield code="z">New York</subfield>
<subfield code="x">Social life and customs.</subfield>
</datafield>
<datafield ind1=" " ind2="0" tag="650">
<subfield code="a">Irish Americans</subfield>
<subfield code="z">New York (State)</subfield>
<subfield code="z">New York</subfield>
<subfield code="x">Social life and customs.</subfield>
</datafield>
<datafield ind1=" " ind2="0" tag="650">
<subfield code="a">Italian Americans</subfield>
<subfield code="z">New York (State)</subfield>
<subfield code="z">New York</subfield>
<subfield code="x">Social life and customs.</subfield>
</datafield>
<datafield ind1=" " ind2="0" tag="650">
<subfield code="a">Italian American Catholics</subfield>
<subfield code="z">New York (State)</subfield>
<subfield code="z">New York</subfield>
<subfield code="x">Social life and customs.</subfield>
</datafield>
<datafield ind1=" " ind2="0" tag="650">
<subfield code="a">Jewish marriage customs and rites</subfield>
<subfield code="z">New York (State)</subfield>
<subfield code="z">New York</subfield>
<subfield code="v">Photographs.</subfield>
</datafield>
<datafield ind1=" " ind2="0" tag="650">
<subfield code="a">Jews</subfield>
<subfield code="z">New York (State)</subfield>
<subfield code="z">New York</subfield>
<subfield code="x">Religious life.</subfield>
</datafield>
<datafield ind1=" " ind2="0" tag="650">
<subfield code="a">Polish Americans</subfield>
<subfield code="z">New York (State)</subfield>
<subfield code="z">New York</subfield>
<subfield code="x">Social life and customs.</subfield>
</datafield>
<datafield ind1=" " ind2="0" tag="650">
<subfield code="a">Puerto Ricans</subfield>
<subfield code="v">Music.</subfield>
</datafield>
<datafield ind1=" " ind2="0" tag="650">
<subfield code="a">Puerto Ricans</subfield>
<subfield code="z">New York (State)</subfield>
<subfield code="z">New York</subfield>
<subfield code="x">Social life and customs.</subfield>
</datafield>
<datafield ind1=" " ind2="0" tag="650">
<subfield code="a">Sicilian Americans</subfield>
<subfield code="z">New York (State)</subfield>
<subfield code="z">New York</subfield>
<subfield code="x">Social life and customs.</subfield>
</datafield>
<datafield ind1=" " ind2="0" tag="650">
<subfield code="a">Ukrainian Americans</subfield>
<subfield code="z">New York (State)</subfield>
<subfield code="z">New York</subfield>
<subfield code="x">Social life and customs.</subfield>
</datafield>
<datafield ind1=" " ind2="0" tag="650">
<subfield code="a">West Indian Americans</subfield>
<subfield code="z">New York (State)</subfield>
<subfield code="z">New York</subfield>
<subfield code="x">Social life and customs.</subfield>
</datafield>
<datafield ind1=" " ind2="0" tag="650">
<subfield code="a">Festivals</subfield>
<subfield code="z">New York (State)</subfield>
<subfield code="z">New York.</subfield>
</datafield>
<datafield ind1=" " ind2="0" tag="650">
<subfield code="a">Parades</subfield>
<subfield code="z">New York (State)</subfield>
<subfield code="z">New York.</subfield>
</datafield>
<datafield ind1=" " ind2="0" tag="650">
<subfield code="a">Easter</subfield>
<subfield code="z">New York (State)</subfield>
<subfield code="z">New York.</subfield>
</datafield>
<datafield ind1=" " ind2="0" tag="650">
<subfield code="a">Purim</subfield>
<subfield code="z">New York (State)</subfield>
<subfield code="z">New York.</subfield>
</datafield>
<datafield ind1=" " ind2="0" tag="650">
<subfield code="a">Sukkot</subfield>
<subfield code="z">New York (State)</subfield>
<subfield code="z">New York.</subfield>
</datafield>
<datafield ind1=" " ind2="0" tag="650">
<subfield code="a">Epiphany</subfield>
<subfield code="z">New York (State)</subfield>
<subfield code="z">New York.</subfield>
</datafield>
<datafield ind1=" " ind2="7" tag="650">
<subfield code="a">Christmas</subfield>
<subfield code="y">1980-1990</subfield>
<subfield code="z">New York (State)</subfield>
<subfield code="z">New York.</subfield>
<subfield code="2">lctgm.</subfield>
</datafield>
<datafield ind1=" " ind2="7" tag="650">
<subfield code="a">Religious festivals</subfield>
<subfield code="z">New York (State)</subfield>
<subfield code="z">New York.</subfield>
<subfield code="2">afset</subfield>
</datafield>
<datafield ind1=" " ind2="7" tag="650">
<subfield code="a">Costumes</subfield>
<subfield code="y">1980-1990</subfield>
<subfield code="z">New York (State)</subfield>
<subfield code="z">New York.</subfield>
<subfield code="2">lctgm</subfield>
</datafield>
<datafield ind1=" " ind2="7" tag="650">
<subfield code="a">Parades</subfield>
<subfield code="y">1980-1990</subfield>
<subfield code="z">New York (State)</subfield>
<subfield code="z">New York.</subfield>
<subfield code="2">lctgm</subfield>
</datafield>
<datafield ind1=" " ind2="7" tag="650">
<subfield code="a">Easter eggs</subfield>
<subfield code="y">1980-1990</subfield>
<subfield code="z">New York (State)</subfield>
<subfield code="z">New York.</subfield>
<subfield code="2">lctgm</subfield>
</datafield>
<datafield ind1=" " ind2="7" tag="650">
<subfield code="a">Puppets</subfield>
<subfield code="y">1980-1990</subfield>
<subfield code="z">New York (State)</subfield>
<subfield code="z">New York.</subfield>
<subfield code="2">lctgm</subfield>
</datafield>
<datafield ind1=" " ind2="7" tag="650">
<subfield code="a">Weddings</subfield>
<subfield code="y">1980-1990</subfield>
<subfield code="z">New York (State)</subfield>
<subfield code="z">New York.</subfield>
<subfield code="2">lctgm</subfield>
</datafield>
<datafield ind1=" " ind2="0" tag="651">
<subfield code="a">Brooklyn (New York, N.Y.)</subfield>
<subfield code="x">Social life and customs.</subfield>
</datafield>
<datafield ind1=" " ind2="0" tag="651">
<subfield code="a">Brooklyn (New York, N.Y.)</subfield>
<subfield code="x">Religious life and customs.</subfield>
</datafield>
<datafield ind1=" " ind2="7" tag="655">
<subfield code="a">Interviews.</subfield>
<subfield code="2">lcgft</subfield>
</datafield>
<datafield ind1=" " ind2="7" tag="655">
<subfield code="a">Oral histories.</subfield>
<subfield code="2">lcgft</subfield>
</datafield>
<datafield ind1=" " ind2="7" tag="655">
<subfield code="a">Photographs</subfield>
<subfield code="x">Color</subfield>
<subfield code="y">1980-1990.</subfield>
<subfield code="2">gmgpc</subfield>
</datafield>
<datafield ind1=" " ind2="7" tag="655">
<subfield code="a">Aerial photographs.</subfield>
<subfield code="2">gmgpc</subfield>
</datafield>
<datafield ind1=" " ind2="7" tag="655">
<subfield code="a">Field notes.</subfield>
<subfield code="2">aat</subfield>
</datafield>
<datafield ind1=" " ind2="7" tag="655">
<subfield code="a">Correspondence.</subfield>
<subfield code="2">aat</subfield>
</datafield>
<datafield ind1=" " ind2="7" tag="655">
<subfield code="a">Sound recordings.</subfield>
<subfield code="2">lcgft</subfield>
</datafield>
<datafield ind1=" " ind2="7" tag="655">
<subfield code="a">Documentary photographs.</subfield>
<subfield code="2">lcgft</subfield>
</datafield>
<datafield ind1="1" ind2=" " tag="700">
<subfield code="a">Posen, I. Sheldon,</subfield>
<subfield code="e">collector,</subfield>
<subfield code="e">photographer.</subfield>
</datafield>
<datafield ind1="1" ind2=" " tag="700">
<subfield code="a">Miska, Maxine,</subfield>
<subfield code="e">collector.</subfield>
</datafield>
<datafield ind1="1" ind2=" " tag="700">
<subfield code="a">Cooper, Martha,</subfield>
<subfield code="e">photographer.</subfield>
</datafield>
<datafield ind1="1" ind2=" " tag="700">
<subfield code="a">Sciorra, Joseph,</subfield>
<subfield code="e">interviewer,</subfield>
<subfield code="e">photographer.</subfield>
</datafield>
<datafield ind1="2" ind2=" " tag="710">
<subfield code="a">Brooklyn Educational & Cultural Alliance,</subfield>
<subfield code="e">sponsor.</subfield>
</datafield>
<datafield ind1=" " ind2=" " tag="852">
<subfield code="a">Library of Congress</subfield>
<subfield code="b">Archive of Folk Culture, American Folklife Center,</subfield>
<subfield code="e">
101 Independence Ave. S.E., Washington, DC USA 20540-4610
</subfield>
<subfield code="u">https://hdl.loc.gov/loc.afc/folklife.home</subfield>
</datafield>
<datafield ind1="4" ind2="2" tag="856">
<subfield code="3">Finding aid</subfield>
<subfield code="u">https://hdl.loc.gov/loc.afc/eadafc.af018010</subfield>
</datafield>
<datafield ind1=" " ind2=" " tag="923">
<subfield code="a">Gift</subfield>
<subfield code="d">20191226</subfield>
<subfield code="i">Filed under Brooklyn Rediscovery Project</subfield>
<subfield code="n">347704</subfield>
<subfield code="s">Posen, Sheldon</subfield>
</datafield>
<datafield ind1=" " ind2=" " tag="985">
<subfield code="a">afc/coll</subfield>
</datafield>
<datafield ind1=" " ind2=" " tag="985">
<subfield code="a">afc/ead</subfield>
</datafield>
</record>
</collection>